<?xml version="1.0" encoding="UTF-8"?><collection xmlns="http://www.loc.gov/MARC21/slim"><record><leader>00287nam--2200121-i-4500</leader><controlfield tag="001">000008234</controlfield><controlfield tag="002">20161230</controlfield><controlfield tag="005">20161230201027</controlfield><controlfield tag="008">060222s1000------------r-----000-0-eng-d</controlfield><datafield ind1=" " ind2=" " tag="245"><subfield code="a">Atomic energy year book</subfield></datafield><datafield ind1=" " ind2=" " tag="260"><subfield code="a">London, Temple Press, 1949. Xx + 237 P</subfield></datafield><datafield ind1=" " ind2=" " tag="700"><subfield code="a">Tutin</subfield></datafield><datafield ind1=" " ind2=" " tag="852"><subfield code="a">1205</subfield></datafield></record></collection>